<?xml version="1.0" encoding="UTF-8"?><collection xmlns="http://www.loc.gov/MARC21/slim"><record><leader>00428nam--2200181-u-4500</leader><controlfield tag="001">000051734</controlfield><controlfield tag="002">20161230</controlfield><controlfield tag="005">20170210130835</controlfield><controlfield tag="008">080918s1000------------r-----000-0-eng-d</controlfield><datafield ind1=" " ind2=" " tag="040"><subfield code="a">IFIN-HH</subfield></datafield><datafield ind1=" " ind2=" " tag="080"><subfield code="a">517.564.4</subfield></datafield><datafield ind1="1" ind2=" " tag="100"><subfield code="a">Gobson, E. V</subfield></datafield><datafield ind1="1" ind2="0" tag="245"><subfield code="a">Teoriya Sfericheskikh i Ellpsoidalnykh Funktsii</subfield></datafield><datafield ind1=" " ind2=" " tag="260"><subfield code="a">Moskva</subfield><subfield code="c">1952</subfield></datafield><datafield ind1=" " ind2=" " tag="300"><subfield code="a">468 p</subfield></datafield><datafield ind1=" " ind2=" " tag="500"><subfield code="a">517.564.4</subfield></datafield><datafield ind1=" " ind2=" " tag="852"><subfield code="a">3001</subfield></datafield><datafield ind1=" " ind2=" " tag="CAT"><subfield code="a">SYS</subfield><subfield code="c">20170210</subfield><subfield code="h">130835</subfield></datafield></record></collection>